@misc{AmazonEc68:online,
author = {},
title = {Amazon Echo (2nd generation) â€” Alexa Speaker},
howpublished = {\url{https://www.amazon.com/Generation-improved-sound-powered-design/dp/B06XCM9LJ4?}},
month = {},
year = {},
note = {(Accessed on 10/15/2019)}
}

@misc{osborne_2019, title={Amazon confirms Alexa customer voice recordings are kept forever}, url={https://www.zdnet.com/article/amazon-confirms-alexa-customer-voice-recordings-are-kept-forever/}, journal={ZDNet}, publisher={ZDNet}, author={Osborne, Charlie}, year={2019}, month={Jul}}

@misc{kelly_statt_2019, title={Amazon confirms it holds on to Alexa data even if you delete audio files}, url={https://www.theverge.com/2019/7/3/20681423/amazon-alexa-echo-chris-coons-data-transcripts-recording-privacy}, journal={The Verge}, publisher={The Verge}, author={Kelly, Makena and Statt, Nick}, year={2019}, month={Jul}}

@misc{fowler_2019, title={Perspective | Alexa has been eavesdropping on you this whole time}, url={https://www.washingtonpost.com/technology/2019/05/06/alexa-has-been-eavesdropping-you-this-whole-time/}, journal={The Washington Post}, publisher={WP Company}, author={Fowler, Geoffrey}, year={2019}, month={May}}

@article{chung2017digital,
  title={Digital forensic approaches for Amazon Alexa ecosystem},
  author={Chung, Hyunji and Park, Jungheum and Lee, Sangjin},
  journal={Digital Investigation},
  volume={22},
  pages={S15--S25},
  year={2017},
  publisher={Elsevier}
}

@article{ford2019alexa,
  title={Alexa, are you listening to me? An analysis of Alexa voice service network traffic},
  author={Ford, Marcia and Palmer, William},
  journal={Personal and Ubiquitous Computing},
  volume={23},
  number={1},
  pages={67--79},
  year={2019},
  publisher={Springer-Verlag}
}

@article{lau2018alexa,
  title={Alexa, are you listening?: Privacy perceptions, concerns and privacy-seeking behaviors with smart speakers},
  author={Lau, Josephine and Zimmerman, Benjamin and Schaub, Florian},
  journal={Proceedings of the ACM on Human-Computer Interaction},
  volume={2},
  number={CSCW},
  pages={102},
  year={2018},
  publisher={ACM}
}

@inproceedings{choe2011living,
  title={Living in a glass house: a survey of private moments in the home},
  author={Choe, Eun Kyoung and Consolvo, Sunny and Jung, Jaeyeon and Harrison, Beverly and Kientz, Julie A},
  booktitle={Proceedings of the 13th international conference on Ubiquitous computing},
  pages={41--44},
  year={2011},
  organization={ACM}
}

@article{acar2018peek,
  title={Peek-a-Boo: I see your smart home activities, even encrypted!},
  author={Acar, Abbas and Fereidooni, Hossein and Abera, Tigist and Sikder, Amit Kumar and Miettinen, Markus and Aksu, Hidayet and Conti, Mauro and Sadeghi, Ahmad-Reza and Uluagac, A Selcuk},
  journal={arXiv preprint arXiv:1808.02741},
  year={2018}
}

@article{apthorpe2017smart,
  title={A smart home is no castle: Privacy vulnerabilities of encrypted iot traffic},
  author={Apthorpe, Noah and Reisman, Dillon and Feamster, Nick},
  journal={arXiv preprint arXiv:1705.06805},
  year={2017}
}

@article{apthorpe2017spying,
  title={Spying on the smart home: Privacy attacks and defenses on encrypted iot traffic},
  author={Apthorpe, Noah and Reisman, Dillon and Sundaresan, Srikanth and Narayanan, Arvind and Feamster, Nick},
  journal={arXiv preprint arXiv:1708.05044},
  year={2017}
}

@article{apthorpe2019keeping,
  title={Keeping the smart home private with smart (er) iot traffic shaping},
  author={Apthorpe, Noah and Huang, Danny Yuxing and Reisman, Dillon and Narayanan, Arvind and Feamster, Nick},
  journal={Proceedings on Privacy Enhancing Technologies},
  volume={2019},
  number={3},
  pages={128--148},
  year={2019},
  publisher={Sciendo}
}

@inproceedings{medvinsky1993netcash,
  title={NetCash: A design for practical electronic currency on the Internet},
  author={Medvinsky, Gennady and Neuman, Clifford},
  booktitle={Proceedings of the 1st ACM Conference on Computer and Communications Security},
  pages={102--106},
  year={1993},
  publisher={ACM},
  address={New York}
}

@inproceedings{bellare1993random,
  title={Random oracles are practical: A paradigm for designing efficient protocols},
  author={Bellare, Mihir and Rogaway, Phillip},
  booktitle={Proceedings of the 1st ACM Conference on Computer and Communications Security},
  pages={62--73},
  year={1993},
  publisher={ACM},
  address={New York}  
}

@inproceedings{blaze1993cryptographic,
  title={A cryptographic file system for UNIX},
  author={Blaze, Matt},
  booktitle={Proceedings of the 1st ACM Conference on Computer and Communications Security},
  pages={9--16},
  year={1993},
  publisher={ACM},
  address={New York}
}

@inproceedings{anderson1993cryptosystems,
  title={Why cryptosystems fail},
  author={Anderson, Ross},
  booktitle={Proceedings of the 1st ACM Conference on Computer and Communications Security},
  pages={215--227},
  year={1993},
  publisher={ACM},
  address={New York}
}

